<?xml version="1.0" encoding="UTF-8"?><collection xmlns="http://www.loc.gov/MARC21/slim"><record><leader>00461nam--2200145-i-4500</leader><controlfield tag="001">000040143</controlfield><controlfield tag="002">20161230</controlfield><controlfield tag="005">20161230201042</controlfield><controlfield tag="008">060222s1000------------r-----000-0-eng-d</controlfield><datafield ind1=" " ind2=" " tag="080"><subfield code="a">551.55(267):532.593.4</subfield></datafield><datafield ind1=" " ind2=" " tag="100"><subfield code="a">Rundgren, Lennart</subfield></datafield><datafield ind1=" " ind2=" " tag="245"><subfield code="a">Method for calculation of maximum wave dimensions applied to the conditions at lushington shoal</subfield></datafield><datafield ind1=" " ind2=" " tag="260"><subfield code="a">Gotebord, Elanders Boktryckeri Aktiebolag, 1958, 36p</subfield></datafield><datafield ind1=" " ind2=" " tag="490"><subfield code="a">Trans.Roy.Inst.Techn</subfield></datafield><datafield ind1=" " ind2=" " tag="852"><subfield code="a">12474</subfield></datafield></record></collection>